<record xmlns="http://www.loc.gov/MARC21/slim" xmlns:xsi="http://www.w3.org/2001/XMLSchema-instance" xsi:schemaLocation="http://www.loc.gov/MARC21/slim http://www.loc.gov/standards/marcxml/schema/MARC21slim.xsd"><leader>     nam a22        4500</leader><controlfield tag="001">3131633</controlfield><controlfield tag="003">NNC</controlfield><controlfield tag="006">m        d        </controlfield><controlfield tag="007">cr cn |||m|||a</controlfield><controlfield tag="008">150601s1849    le      o     000 0 ara d</controlfield><datafield ind1=" " ind2=" " tag="040"><subfield code="a">NNU</subfield><subfield code="b">eng</subfield><subfield code="e">rda</subfield><subfield code="c">NNU</subfield></datafield><datafield ind1="0" ind2="0" tag="245"><subfield code="6">880-01</subfield><subfield code="a">Khit&#803;a&#772;b mufi&#772;d fi&#772;&#700;l-kani&#772;sah wal-tak&#803;li&#772;d.</subfield></datafield><datafield ind1=" " ind2=" " tag="260"><subfield code="6">880-02</subfield><subfield code="a">[Beirut],</subfield><subfield code="c">[1849]</subfield></datafield><datafield ind1=" " ind2=" " tag="300"><subfield code="a">online resource (28 pages)</subfield></datafield><datafield ind1=" " ind2=" " tag="336"><subfield code="a">text</subfield><subfield code="2">rdacontent</subfield></datafield><datafield ind1=" " ind2=" " tag="337"><subfield code="a">computer</subfield><subfield code="2">rdamedia</subfield></datafield><datafield ind1=" " ind2=" " tag="338"><subfield code="a">online resource</subfield><subfield code="2">rdacarrier</subfield></datafield><datafield ind1=" " ind2=" " tag="500"><subfield code="a">Part of the Arabic Collections Online (ACO) project, contributed by Columbia University Libraries.</subfield></datafield><datafield ind1=" " ind2=" " tag="533"><subfield code="a">Electronic reproduction.</subfield><subfield code="b">New York, N.Y. :</subfield><subfield code="c">New York University,</subfield><subfield code="d">2015.</subfield><subfield code="5">NNU</subfield></datafield><datafield ind1="2" ind2=" " tag="710"><subfield code="a">Columbia University.</subfield><subfield code="b">Libraries.</subfield></datafield><datafield ind1="0" ind2=" " tag="730"><subfield code="a">Arabic Collections Online.</subfield></datafield><datafield ind1="0" ind2="8" tag="776"><subfield code="6">880-03</subfield><subfield code="i">Online version:</subfield><subfield code="t">Khit&#803;a&#772;b mufi&#772;d fi&#772;&#700;l-kani&#772;sah wal-tak&#803;li&#772;d.</subfield><subfield code="d">[Beirut, 1849]</subfield><subfield code="w">(OCoLC)654719924</subfield></datafield><datafield ind1="0" ind2="8" tag="776"><subfield code="i">Print version:</subfield><subfield code="t">Khit&#803;a&#772;b mufi&#772;d fi&#772;&#700;l-kani&#772;sah wal-tak&#803;li&#772;d</subfield><subfield code="w">(NNC)3131633</subfield><subfield code="w">(OCoLC)48245390</subfield></datafield><datafield ind1="4" ind2="0" tag="856"><subfield code="u">http://hdl.handle.net/2333.1/vhhmgt31</subfield></datafield><datafield ind1="0" ind2="0" tag="880"><subfield code="6">245-01/r</subfield><subfield code="a">&#1582;&#1591;&#1575;&#1576; &#1605;&#1601;&#1610;&#1583; &#1601;&#1610;&#1569;&#1604;&#1603;&#1606;&#1610;&#1587;&#1577; &#1608;&#1604;&#1578;&#1603;&#1604;&#1610;&#1583;.</subfield></datafield><datafield ind1=" " ind2=" " tag="880"><subfield code="6">260-02/r</subfield><subfield code="a">[&#1576;&#1610;&#1585;&#1608;&#1578;]&#1548;</subfield><subfield code="c">[1849]</subfield></datafield><datafield ind1="0" ind2="8" tag="880"><subfield code="6">776-03/r</subfield><subfield code="i">Online version:</subfield><subfield code="t">&#1582;&#1591;&#1575;&#1576; &#1605;&#1601;&#1610;&#1583; &#1601;&#1610;&#1569;&#1604;&#1603;&#1606;&#1610;&#1587;&#1577; &#1608;&#1604;&#1578;&#1603;&#1604;&#1610;&#1583;.</subfield><subfield code="d">[&#1576;&#1585;&#1578;&#1548; 1849]</subfield><subfield code="w">(&#1604;)654719924</subfield></datafield><datafield ind1=" " ind2=" " tag="959"><subfield code="a">NNU</subfield><subfield code="b">WEB</subfield><subfield code="c">GENI</subfield><subfield code="t">0</subfield><subfield code="m">Electronic access</subfield><subfield code="s">01</subfield></datafield><datafield ind1=" " ind2=" " tag="999"><subfield code="i">NNC_3131633</subfield><subfield code="o">(OCoLC)ocm48245390</subfield><subfield code="s">columbia_aco000556</subfield><subfield code="e">(ERROR-880)</subfield><subfield code="s">columbia_aco000556</subfield></datafield></record>